@ARTICLE{bowman:reasoning,
	AUTHOR = "Mic Bowman and Saumya K. Debray and Larry L. Peterson",
	TITLE = "Reasoning About Naming Systems",
	JOURNAL = "ACM Trans. Program. Lang. Syst.",
	VOLUME = {15},
	NUMBER = {5},
	PAGES = {795-825},
	MONTH = "November",
	YEAR = {1993}	}

@ARTICLE{braams:babel,
	AUTHOR = "Johannes Braams",
	TITLE = "Babel, a Multilingual Style-Option System for Use with LaTeX's Standard Document Styles",
	JOURNAL = {TUGboat},
	VOLUME = {12},
	NUMBER = {2},
	PAGES = {291-301},
	MONTH = "June",
	YEAR = {1991}	}

@INPROCEEDINGS{clark:pct,
	AUTHOR = "Malcolm Clark",
	TITLE = "Post Congress Tristesse",
	BOOKTITLE = "TeX90 Conference Proceedings",
	PAGES = "84-89",
	ORGANIZATION = "TeX Users Group",
	MONTH = "March", 
	YEAR = {1991}	}

@ARTICLE{herlihy:methodology,
	AUTHOR = "Maurice Herlihy",
	TITLE = "A Methodology for Implementing Highly Concurrent
	Data Objects",
	JOURNAL = {ACM Trans. Program. Lang. Syst.},
	VOLUME = {15},
	NUMBER = {5},
	PAGES = {745-770},
	MONTH = "November",
	YEAR = {1993}	}

@BOOK{Lamport:LaTeX,
	AUTHOR = "Leslie Lamport",
	TITLE = "LaTeX User's Guide and Document Reference Manual",
	PUBLISHER = "Addison-Wesley Publishing Company",
	ADDRESS = "Reading, Massachusetts",
	YEAR = "1986"	}

@BOOK{salas:calculus,
	AUTHOR = "S.L. Salas and Einar Hille",
	TITLE = "Calculus: One and Several Variable",
	PUBLISHER = "John Wiley and Sons",
	ADDRESS = "New York",
	YEAR = "1978"	}

@INPROCEEDINGS{lynn:positive,
  title={Positive results and techniques for obfuscation},
  author={Lynn, Benjamin and Prabhakaran, Manoj and Sahai, Amit},
  booktitle={Advances in Cryptology-EUROCRYPT 2004},
  pages={20--39},
  year={2004},
  organization={Springer}
}

@INPROCEEDINGS{Collberg:wartermarking,
  title={Watermarking, tamper-proofing, and obfuscation-tools for software protection},
  author={Collberg. C. S and Thomborson.},
  booktitle={Software Engineering, IEEE Transactions},
  pages={735-746},
  year={2002}
}

@INPROCEEDINGS{Kuzurin:Onthe,
	AUTHOR = "Kuzurin and Nikolay",
	TITLE = {"On the concept of software obfuscation in computer security."},
	BOOKTITLE = "Information Security",
	PAGES = "281-298",
	ORGANIZATION = "Springer Berlin Heidelberg", 
	YEAR = {2007}
}

@INPROCEEDINGS{Koppula:Indistinguishability,
  title={Indistinguishability obfuscation for turing machines with unbounded memory},
  author={Koppula, Venkata, Allison Bishop Lewko and Brent Waters},
  booktitle={Proceedings of the Forty-Seventh Annual ACM on Symposium on Theory of Computing},
  year={2015}
}

@INPROCEEDINGS{Wang:Translingual,
  title={Translingual obfuscation},
  author={Wang Pei, Shuai Wang et al},
  booktitle={arXiv preprint arXiv:1601.00763},
  year={2016}
}

@INPROCEEDINGS{Chen:Control,
  title={Control flow obfuscation with information flow tracking},
  author={Chen, Haibo, et al},
  booktitle={Proceedings of the 42nd Annual IEEE/ACM International Symposium on Microarchitecture. ACM},
  year={2009}
}

@INPROCEEDINGS{Collberg:Ataxonomy,
	AUTHOR = "Collberg, Christian, Clark Thomborson and Douglas Low.",
	TITLE = {A taxonomy of obfuscating transformations},
	booktitle={},
	ORGANIZATION = "Department of Computer Science, The University of Auckland, New Zealand", 
	YEAR = {1997}
}

@INPROCEEDINGS{Coogan:Deobfuscation,
  title={Deobfuscation of virtualization-obfuscated software: a semantics-based approach},
  author={ Coogan, Kevin, Gen Lu and Saumya Debray.},
  booktitle={Proceedings of the 18th ACM conference on Computer and communications security. ACM},
  year={2011}
}

@INPROCEEDINGS{Eilam:Reversing,
	AUTHOR = "Eilam, Eldad.",
	TITLE = {Reversing: secrets of reverse engineering},
	BOOKTITLE = {"John Wiley and Sons"},
	YEAR = {2011}
}

@INPROCEEDINGS{WEB:UTM,
	author = {https://en.wikipedia.org/wiki/Universal\_Turing\_machine},	
}
