%% This BibTeX bibliography file was created using BibDesk.
%% http://bibdesk.sourceforge.net/


%% Created for Gary L. Gray at 2006-04-12 19:28:23 -0400 


%% Saved with string encoding Western (ASCII) 



@inproceedings{lynn2004positive,
  title={Positive results and techniques for obfuscation},
  author={Lynn, Benjamin and Prabhakaran, Manoj and Sahai, Amit},
  booktitle={International conference on the theory and applications of cryptographic techniques},
  pages={20--39},
  year={2004},
  organization={Springer}
}
%%website
@Misc{TuringmachineSimulation,
howpublished = {\url{http://turingmaschine.klickagent.ch/einband/}},
title = {TuringmachineSimulation}
}

@inproceedings{Sen,
  title={CUTE: a concolic unit testing engine for C.},
  author={{Sen} {Koushik} {Darko Marinov} {Gul Agha}},
  booktitle={ACM SIGSOFT Software Engineering Notes.},
  pages={Vol. 30. No. 5. ACM},
  year={2005}
}



\bibitem{Ma} Ma, Haoyu, et al. "Control flow obfuscation using neural network to fight concolic testing." International Conference on Security and Privacy in Communication Systems. Springer International Publishing, 2014.

\bibitem{Trans} Wang, Pei, et al. "Translingual obfuscation." Security and Privacy (EuroS\&P), 2016 IEEE European Symposium on. IEEE, 2016.

\bibitem{Collberg} Collberg, Christian, Clark Thomborson, and Douglas Low. "Manufacturing cheap, resilient, and stealthy opaque constructs." Proceedings of the 25th ACM SIGPLAN-SIGACT symposium on Principles of programming languages. ACM, 1998.

\bibitem{Sharif} Sharif, Monirul I., et al. "Impeding Malware Analysis Using Conditional Code Obfuscation." NDSS. 2008.


\bibitem{SingleTape} \url{http://turingmaschine.klickagent.ch/}

\bibitem{Popov} Popov, Igor V., Saumya K. Debray, and Gregory R. Andrews. "Binary Obfuscation Using Signals." Usenix Security. 2007.

\bibitem{Zhi} Wang, Zhi, et al. "Branch obfuscation using code mobility and signal." Computer Software and Applications Conference Workshops (COMPSACW), 2012 IEEE 36th Annual. IEEE, 2012.

\bibitem{Wang:Zhi} Wang, Zhi, et al. "Linear obfuscation to combat symbolic execution." European Symposium on Research in Computer Security. Springer Berlin Heidelberg, 2011.

\bibitem{bzip2} \url{http://www.bzip.org/}

\bibitem{slre} \url{https://github.com/cesanta/slre}

\bibitem{Chen} Chen, Haibo, et al. "Control flow obfuscation with information flow tracking." Proceedings of the 42nd Annual IEEE/ACM International Symposium on Microarchitecture. ACM, 2009.

\bibitem{ida} \url{https://www.hex-rays.com/products/ida/}

\bibitem{McCabe} McCabe, Thomas J. "A complexity measure." IEEE Transactions on software Engineering 4 (1976): 308-320.

\bibitem{Woodward} Woodward, Martin R., Michael A. Hennell, and David Hedley. "A measure of control flow complexity in program text." IEEE Transactions on Software Engineering 1 (1979): 45-50.

\bibitem{Turing} \url{https://en.wikipedia.org/wiki/Turing_machine}

\bibitem{UTM} \url{https://en.wikipedia.org/wiki/Universal_Turing_machine#/media/File:Universal_Turing_machine.svg}

\bibitem{LLVM} \url{https://en.wikipedia.org/wiki/LLVM}

\bibitem{klee} \url{https://klee.github.io/}

\bibitem{Opaque} Xu, Dongpeng, Jiang Ming, and Dinghao Wu. "Generalized Dynamic Opaque Predicates: A New Control Flow Obfuscation Method." International Conference on Information Security. Springer International Publishing, 2016.

\bibitem{Loop} Ming, Jiang, et al. "Loop: Logic-oriented opaque predicate detection in obfuscated binary code." Proceedings of the 22nd ACM SIGSAC Conference on Computer and Communications Security. ACM, 2015.

\bibitem{Lee} Lee, Gareth, et al. "Using symbolic execution to guide test generation." Software Testing, Verification and Reliability 15.1 (2005): 41-61.

\bibitem{Molnar} Molnar, David, Xue Cong Li, and David Wagner. "Dynamic Test Generation to Find Integer Bugs in x86 Binary Linux Programs." USENIX Security Symposium. Vol. 9. 2009.

\bibitem{Church} \url{https://en.wikipedia.org/wiki/Church%E2%80%93Turing_thesis}

\bibitem{Sen} Sen, Koushik, Darko Marinov, and Gul Agha. "CUTE: a concolic unit testing engine for C." ACM SIGSOFT Software Engineering Notes. Vol. 30. No. 5. ACM, 2005.

\bibitem{Cute} Sen, Koushik, and Gul Agha. "CUTE and jCUTE: Concolic unit testing and explicit path model-checking tools." International Conference on Computer Aided Verification. Springer Berlin Heidelberg, 2006.

\bibitem{Cadar} Cadar, Cristian, Daniel Dunbar, and Dawson R. Engler. "KLEE: Unassisted and Automatic Generation of High-Coverage Tests for Complex Systems Programs." OSDI. Vol. 8. 2008.

@comment{BibDesk Smart Groups{
<?xml version="1.0" encoding="UTF-8"?>
<!DOCTYPE plist PUBLIC "-//Apple Computer//DTD PLIST 1.0//EN" "http://www.apple.com/DTDs/PropertyList-1.0.dtd">
<plist version="1.0">
<array/>
</plist>
}}
